@inproceedings{langley00,
 author    = {P. Langley},
 title     = {Crafting Papers on Machine Learning},
 year      = {2000},
 pages     = {1207--1216},
 editor    = {Pat Langley},
 booktitle     = {Proceedings of the 17th International Conference
              on Machine Learning (ICML 2000)},
 address   = {Stanford, CA},
 publisher = {Morgan Kaufmann}
}

@TechReport{mitchell80,
  author = 	 "T. M. Mitchell",
  title = 	 "The Need for Biases in Learning Generalizations",
  institution =  "Computer Science Department, Rutgers University",
  year = 	 "1980",
  address =	 "New Brunswick, MA",
}

@phdthesis{kearns89,
  author = {M. J. Kearns},
  title =  {Computational Complexity of Machine Learning},
  school = {Department of Computer Science, Harvard University},
  year =   {1989}
}

@Book{MachineLearningI,
  editor = 	 "R. S. Michalski and J. G. Carbonell and T.
		  M. Mitchell",
  title = 	 "Machine Learning: An Artificial Intelligence
		  Approach, Vol. I",
  publisher = 	 "Tioga",
  year = 	 "1983",
  address =	 "Palo Alto, CA"
}

@Book{DudaHart2nd,
  author =       "R. O. Duda and P. E. Hart and D. G. Stork",
  title =        "Pattern Classification",
  publisher =    "John Wiley and Sons",
  edition =      "2nd",
  year =         "2000"
}

@misc{anonymous,
  title= {Suppressed for Anonymity},
  author= {Author, N. N.},
  year= {2018}
}

@InCollection{Newell81,
  author =       "A. Newell and P. S. Rosenbloom",
  title =        "Mechanisms of Skill Acquisition and the Law of
                  Practice", 
  booktitle =    "Cognitive Skills and Their Acquisition",
  pages =        "1--51",
  publisher =    "Lawrence Erlbaum Associates, Inc.",
  year =         "1981",
  editor =       "J. R. Anderson",
  chapter =      "1",
  address =      "Hillsdale, NJ"
}


@Article{Samuel59,
  author = 	 "A. L. Samuel",
  title = 	 "Some Studies in Machine Learning Using the Game of
		  Checkers",
  journal =	 "IBM Journal of Research and Development",
  year =	 "1959",
  volume =	 "3",
  number =	 "3",
  pages =	 "211--229"
}

@TechReport{Jaeger00,
  author = 	 "R. A. Jaeger",
  title = 	 "Risk: Defining it, Measuring it, and Managing it",
  institution =  "Evaluation Associates Capital Markets, Inc",
  year = 	 "2000",
}

@Book{Morgenstern53,
  author =       "J. Von Neumann, O. Morgenstern",
  title =        "Theory of games and economic behavior",
  publisher =    " Princeton, Princeton University Press",
  edition =      "3rd",
  year =         "1953"
}


@article{svm,
  title={Support vector machine},
  author={Cortes, Corinna and Vapnik, Vladimir},
  journal={Machine learning},
  volume={20},
  number={3},
  pages={273--297},
  year={1995}
}

@Inbook{Abbeel2010,
author="Abbeel, Pieter
and Ng, Andrew Y.",
editor="Sammut, Claude
and Webb, Geoffrey I.",
title="Inverse Reinforcement Learning",
bookTitle="Encyclopedia of Machine Learning",
year="2010",
publisher="Springer US",
address="Boston, MA",
pages="554--558",
isbn="978-0-387-30164-8",
doi="10.1007/978-0-387-30164-8_417",
url="https://doi.org/10.1007/978-0-387-30164-8_417"
}

@article{marecki,
author = {Marecki, Janusz and Varakantham, Pradeep},
year = {2010},
month = {01},
pages = {1357-1368},
title = {Risk-sensitive planning in partially observable environments},
volume = {2},
booktitle = {Proceedings of the International Joint Conference on Autonomous Agents and Multiagent Systems, AAMAS}
}

@article{bauerle,
  title={More risk-sensitive Markov decision processes},
  author={B{\"a}uerle, Nicole and Rieder, Ulrich},
  journal={Mathematics of Operations Research},
  volume={39},
  number={1},
  pages={105--120},
  year={2013},
  publisher={INFORMS}
}

@Book{Grant07,
 author =       "Grant, Simon and Van Zandt, Timothy,",
 title =        "Expected Utility Theory",
  publisher =    "INSEAD Business School",
  year =         "2007"
}

@online{pic_risk,
 author  = "Global Water Forum",
 title   = "Risk averse choice",
 year    = "2012",
 urlseen = "30-07-18",
 url     = "https://www.flickr.com/photos/globalwaterforum/7746287116/",
}
}